 @article{col,
    AUTHOR = {S. Abdi-Mazraeh {,} A. Khani},
     TITLE = {An Efficient Computational Algorithm for pricing European, Barrier and American Options},
 PUBLISHER = {Springer},
      YEAR = {2018}
}

@book{stoch,
    AUTHOR = {S. E. Shreve},
     TITLE = {Stochastic Calculus for Finance II : Continuous Time Models},
    SERIES = {},
 PUBLISHER = {Springer},
   ADDRESS = {},
      YEAR = {2004},
     PAGES = {},
}